@misc{tsukada2023relationship,
  title         = {Relationship between Batch Size and Number of Steps Needed for Nonconvex Optimization of Stochastic Gradient Descent using Armijo Line Search},
  author        = {Yuki Tsukada and Hideaki Iiduka},
  year          = {2023},
  eprint        = {2307.13831},
  archiveprefix = {arXiv},
  primaryclass  = {cs.LG}
}

@misc{yao2021adahessian,
      title={ADAHESSIAN: An Adaptive Second Order Optimizer for Machine Learning}, 
      author={Zhewei Yao and Amir Gholami and Sheng Shen and Mustafa Mustafa and Kurt Keutzer and Michael W. Mahoney},
      year={2021},
      eprint={2006.00719},
      archivePrefix={arXiv},
      primaryClass={cs.LG}
}

@misc{luo2019understanding,
      title={Towards Understanding Regularization in Batch Normalization}, 
      author={Ping Luo and Xinjiang Wang and Wenqi Shao and Zhanglin Peng},
      year={2019},
      eprint={1809.00846},
      archivePrefix={arXiv},
      primaryClass={cs.LG}
}

@misc{teye2018bayesian,
      title={Bayesian Uncertainty Estimation for Batch Normalized Deep Networks}, 
      author={Mattias Teye and Hossein Azizpour and Kevin Smith},
      year={2018},
      eprint={1802.06455},
      archivePrefix={arXiv},
      primaryClass={stat.ML}
}